@online{ap1wiki,
    title = {The AllPix Simulation Framework}, 
    author = {Mathieu Benoit and John Idarraga and Samir Arfaoui and Niloufar Alipour Tehrani},
    url = {https://twiki.cern.ch/twiki/bin/view/Main/AllPix}, 
    year = {2017}, 
    month = mar, 
    day = {21} 
}
@online{ap1git,
    title = {AllPix},
    subtitle = {Generic simulation for pixel detectors},
    author = {Mathieu Benoit and John Idarraga and Samir Arfaoui},
    url = {https://github.com/ALLPix/allpix}, 
    publisher = {GitHub},
    journal = {GitHub repository},
    commit = {386b35f00b9c77852b468b83b329c16b0388586d}
}
